@online{windows-update,
  title = {How Windows Update works},
  key = {Windows},
  url = {https://docs.microsoft.com/en-us/windows/deployment/update/how-windows-update-works},
  urldate = {2021-12-21}
}

@online{windows-wsus,
  title = {Configure WSUS},
  key = {Windows},
  url = {https://docs.microsoft.com/en-us/windows-server/administration/windows-server-update-services/deploy/2-configure-wsus},
  urldate = {2021-12-21}
}

@online{windows-update-compression,
  title = {Windows Updates using forward and reverse differentials},
  key = {Windows},
  url = {https://docs.microsoft.com/en-us/windows/deployment/update/psfxwhitepaper},
  urldate = {2021-12-21}
}

@online{windows-update-compression-2,
  title = {How Microsoft reduced Windows 11 update size by 40 percent},
  key = {Windows},
  url = {https://techcommunity.microsoft.com/t5/windows-it-pro-blog/how-microsoft-reduced-windows-11-update-size-by-40/ba-p/2839794},
  urldate = {2021-12-21}
}

@online{rpm,
  title = {RPM Package format},
  key = {Linux},
  url = {https://rpm-software-management.github.io/rpm/manual/format.html},
  urldate = {2021-12-29}
}

@online{fedora-dnf,
  title = {System Administrators Guide: DNF},
  key = {Linux},
  url = {https://docs.fedoraproject.org/en-US/fedora/rawhide/system-administrators-guide/package-management/DNF/},
  urldate = {2021-12-29}
}

@online{fedora-dnf-git-repo,
  title = {DNF Github repozitorij},
  key = {Linux},
  url = {https://github.com/rpm-software-management/dnf},
  urldate = {2022-01-02}
}

@online{fedora-zstd,
  title = {Switch RPMs to zstd compression},
  key = {Linux},
  url = {https://fedoraproject.org/wiki/Changes/Switch_RPMs_to_zstd_compression},
  urldate = {2021-12-29}
}

@online{arch-mirrors,
  title = {Arch Linux Wiki: Mirrors},
  key = {Linux},
  url = {https://wiki.archlinux.org/title/Mirrors},
  urldate = {2021-12-29}
}
